<?xml version="1.0" encoding="UTF-8"?><collection xmlns="http://www.loc.gov/MARC21/slim"><record><leader>00412nam--2200157-i-4500</leader><controlfield tag="001">000015893</controlfield><controlfield tag="002">20161230</controlfield><controlfield tag="005">20170304144714</controlfield><controlfield tag="008">060222s1000------------r-----000-0-eng-d</controlfield><datafield ind1=" " ind2=" " tag="100"><subfield code="a">Cecal, Alexandru</subfield></datafield><datafield ind1=" " ind2=" " tag="245"><subfield code="a">Aspecte chimice ale energeticii nucleare</subfield></datafield><datafield ind1=" " ind2=" " tag="260"><subfield code="a">Bucuresti</subfield><subfield code="b">Editura Tehnica</subfield><subfield code="c">1987</subfield></datafield><datafield ind1=" " ind2=" " tag="300"><subfield code="a">264 p</subfield></datafield><datafield ind1=" " ind2=" " tag="490"><subfield code="a">Seria Tehnica La Zi</subfield></datafield><datafield ind1=" " ind2=" " tag="852"><subfield code="a">621.039:546</subfield></datafield><datafield ind1=" " ind2=" " tag="CAT"><subfield code="a">SYS</subfield><subfield code="c">20170304</subfield><subfield code="h">144714</subfield></datafield></record></collection>